@book{zhu2018embedded,
  title={Embedded Systems with ARM Cortex-M Microcontrollers in Assembly Language and C},
  author={Zhu, Yifeng},
  year={2018},
  publisher={E-Man Press Llc}
}

@online{KL46manual,
  author = {MultiMedia LLC},
  title = {KL46 Sub-Family Reference Manual},
  year = 2013,
  url = {http://eewiki.net/download/attachments/35193138/KL46P121M48SF4RM.pdf?version=1&modificationDate=1405104254950&api=v2},
  urldate = {2020/12/15}
}