@book{zhu2018embedded,
  title={Embedded Systems with ARM Cortex-M Microcontrollers in Assembly Language and C},
  author={Zhu, Yifeng},
  year={2018},
  publisher={E-Man Press Llc}
}

@electronic{KL46manual,
  title = {KL46 Sub-Family Reference Manual},
  publisher = {MultiMedia LLC},
  year = 2013,
  url = {http://eewiki.net/download/attachments/35193138/KL46P121M48SF4RM.pdf?version=1&modificationDate=1405104254950&api=v2},
  urldate = {2020-12-15}
}

@electronic{keil_function_reference,
  title = {KL46 Sub-Family Reference Manual},
  publisher = {Arm Ltd [GB]},
  url = {https://www.keil.com/support/man/docs/rlarm/rlarm_ar_func_ref.htm},
  urldate = {2020-12-16}
}

@electronic{solucionar_rtx_undefined_symbol,
  title = {Problema con os\_sys\_init en KL46Z},
  publisher = {todopic.com.ar},
  url = {https://www.todopic.com.ar/foros/index.php?topic=47152.0},
  urldate = {2021-01-11}
}

@electronic{rl_arm_gs,
  title = {Getting Started Building Applications with RL-ARM},
  publisher = {Arm Ltd [GB]},
  url = {https://www.keil.com/product/brochures/rl-arm_gs.pdf},
  urldate = {2021-01-08}
}

@electronic{process_control_block_pcb_wikipedia,
  title = {Process Control Block},
  publisher = {Wikipedia},
  url = {https://en.wikipedia.org/wiki/Process_control_block},
  urldate = {2021-01-11}
}